% !TEX TS-program = xelatex
% !TEX encoding = UTF--8 Unicode
@book{邓晓芒2005,
title={西方哲学史},
author={邓晓芒 and 赵林},
language={c},
year={2005},
publisher={高等教育出版社}
}
@article{邓晓芒2000,
title={什么是艺术作品的本源?———海德格尔与马克思美学思想的一个比较},
author={邓晓芒},
journal={哲学研究},
language={c},
volume={10},
number={8},
pages={58--64},
year={2000}
}
@article{李秋零1999,
title={康德何以步安瑟尔谟的后尘?},
author={李秋零},
language={c},
journal={中国人民大学学报},
volume={2},
year={1999}
}
@book{冯康1981,
title={弹性结构的数学理论},
author={冯康 and 石钟慈},
language={c},
year={1981},
publisher={科学出版社}
}
@book{braun2007,
title={A first course in statistical programming with R},
author={Braun, J. and Murdoch, D.J.},
volume={25},
year={2007},
publisher={Cambridge University Press Cambridge}
}
@article{strawderman2001,
title={Monte Carlo methods in statistical physics},
author={Strawderman, R.L.},
journal={Journal of the American Statistical Association},
volume={96},
number={454},
pages={778--778},
year={2001},
publisher={ASA}
}
@book{kelton2002,
title={Simulation with ARENA},
author={Kelton, W.D. and Sadowski, R.P. and Sadowski, D.A.},
volume={3},
year={2002},
publisher={McGraw--Hill Boston, MA}
}
@article{欧进萍1991,
title={设计用随机地震动的模型及其参数确定},
author={欧进萍 and 牛荻涛 and 杜修力},
journal={地震工程与工程振动},
volume={11},
language={c},
number={3},
pages={45--53},
year={1991}
}
@article{欧进萍1999,
title={钢筋混凝土结构基于地震损伤性能的设计},
author={欧进萍 and 何政},
journal={地震工程与工程振动},
volume={19},
language={c},
number={1},
pages={21--30},
year={1999}
}

